3108 5194
664 439 703 503 41

123 602 275 701 ναίους(
289 624 495 689 Vocabulum
518 623 668 704 ,Φωκίδί
689 624 744 689 vix
765 605 956 688 mutandum
979 621 1030 706 sit,
1053 621 1116 686 nisi
1135 607 1235 685 certis
1324 653 1329 662 ·

124 714 338 817 testimoniis,
370 745 406 800 ut
438 735 500 800 hoe
536 734 691 798 faciamus
713 733 921 797 adducamur.
974 729 1043 797 Sed
1064 731 1099 795 in
1121 722 1237 816 ,Ἀθιγ
1263 714 1275 728 ⁸

127 843 260 922 ναίους(
280 843 391 908 vitium
414 845 522 928 inesse
544 843 745 931 probabilius
767 850 825 908 est.
862 841 1081 910 Scribendum
1104 841 1147 904 sit
1171 827 1236 905 for-

124 961 231 1037 tasse,
253 952 373 1030 κτίσεις
402 955 468 1016 τῶν
499 951 531 1018 ἒν
561 950 685 1017 Φωκίδι
711 947 843 1017 πόλεων
876 951 930 1016 καί
953 950 1032 1035 περὶ
1061 953 1119 1037 τῆς
1150 944 1236 1034 πρὸς

124 1046 276 1148 αλλήίας
307 1061 505 1160 συγγενείας
512 1053 638 1125 evceirf
682 1061 826 1147 Corrupt
814 1060 879 1125 tela
910 1059 998 1124 nasei
1021 1057 1183 1158 potuerit,
1207 1057 1233 1122 si

125 1195 195 1257 pro
219 1162 430 1257 Ἀθηναίους
453 1171 606 1256 seriptum
631 1171 730 1235 fuerit
751 1162 961 1258 ,Ἀθήνας
986 1169 1072 1251 (nam
1104 1149 1233 1231 titulum

125 1281 176 1344 ita
198 1288 235 1343 ut
259 1281 332 1344 est
324 1303 357 1344 m
374 1279 476 1347 Suida
488 1279 573 1375 apud
592 1280 804 1344 Polemonem
824 1279 924 1343 luisse
945 1301 1011 1342 non
1025 1272 1213 1387 credam)
1193 1296 1235 1341 ex

126 1396 201 1476 quo
234 1398 343 1454 natum
375 1367 443 1452 tuin
477 1398 526 1454 est
562 1374 709 1474 αλλήλυῖς.
760 1387 981 1472 Cognatienes
1013 1377 1236 1450 intercessisse

125 1497 223 1562 inter
243 1497 344 1560 mults
363 1495 583 1561 Phocensium
580 1495 723 1596 oppida
743 1495 926 1560 videbimus
950 1503 1063 1582 postca
1087 1514 1131 1559 ex
1143 1495 1234 1581 ipsis

126 1607 175 1671 de
205 1605 385 1690 originibus
410 1605 539 1670 fabulis.
584 1603 653 1668 Sed
675 1626 727 1668 res
753 1626 812 1692 per
834 1626 868 1668 se
891 1604 987 1668 valde
1010 1604 1233 1672 obscuraest.
1298 1683 1304 1688 η

127 1713 248 1806 Verba
269 1713 353 1778 enim
376 1713 431 1778 ills
453 1711 519 1799 ,nel
541 1711 700 1796 περὶτῶν
718 1707 804 1797 πρὸς
822 1703 1031 1798 Aeneadum
1051 1711 1237 1797 συγγενείας

127 1816 254 1890 aecer
273 1825 340 1888 tort
328 1834 413 1888 tasse
428 1823 572 1916 'primum
595 1845 667 1887 cum
688 1821 760 1887 aliis
784 1821 959 1886 coniuncta
972 1821 1105 1885 fuerunt
1128 1836 1235 1921 neque

128 1918 309 2045 quicquam
332 1932 373 1997 ed
398 1931 581 1997 Phocenses
613 1931 790 2024 origines
782 1930 936 1995 adtinent.
982 1930 1210 1996 Potuerunt
1199 1951 1234 1995 m

132 2037 303 2110 suidaef
291 2035 474 2124 arnaginem
487 2040 599 2104 venire·
613 2063 654 2104 ex
668 2041 764 2105 alio'
752 2061 879 2103 conexu
893 2047 989 2126 atque
1004 2061 1091 2104 nunc
1105 2036 1234 2136 quidem

129 2149 365 2239 confusionem
403 2148 627 2235 lexicographi
663 2158 696 2212 et
731 2148 886 2212 maiorem
920 2147 1064 2212 reddunt
1099 2155 1132 2211 ot
1163 2147 1235 2233 ip'so

131 2252 216 2345 quid
235 2259 298 2324 sibi
323 2258 425 2323 velint
457 2258 548 2323 nullo
568 2257 692 2325 indicio
722 2257 874 2344 produnt.
919 2257 1029 2342 Igitur
1053 2279 1125 2321 sum
1149 2253 1236 2322 difli

131 2367 241 2433 cultas
263 2367 360 2456 plane
381 2359 463 2431 solvi
483 2389 579 2455 posse
600 2366 679 2430 mihi
702 2387 777 2430 non
785 2351 954 2431 videretur
976 2365 1081 2432 erucis
1101 2365 1234 2452 signum

130 2469 281 2596 adplrlxi.
329 2517 340 2540 s
621 2473 636 2483 ”

197 2560 406 2670 Reliquiae
440 2584 515 2650 libri
549 2583 737 2651 Polemonis
773 2575 814 2650 de
837 2581 1071 2650 Phocensium
1102 2583 1235 2650 urbium

131 2692 320 2780 originibus
350 2692 481 2758 sistant
502 2691 628 2782 nullae,
662 2715 703 2758 ex
733 2695 805 2782 ipso
839 2695 941 2780 igitur
964 2693 1058 2759 titulo
1093 2693 1171 2778 quid
1193 2693 1234 2758 sit

131 2795 347 2885 eliciendum,
369 2801 622 2869 videndumt
573 2811 631 2868 est.
674 2799 836 2868 Nimirum
858 2800 1030 2884 κτίσεις,ἰ.
1054 2823 1082 2866 e.
1105 2801 1236 2894 fabulae

133 2909 180 2976 dc
203 2907 384 3012 originibus
418 2933 499 2996 gen
485 2913 567 2974 rum
588 2907 649 2974 ¹vel
674 2909 803 2974 urbium
834 2911 872 2974 ab
895 2909 1128 2994 antiquissimis
1157 2909 1235 2974 inde

133 3000 339 3113 temporibus
361 3042 380 3084 e
403 3021 512 3083 rerum
544 3019 757 3105 scriptoribus
780 3015 911 3083 tractari
932 3019 1103 3083 solebant·
1093 3027 1236 3115 ,postca

134 3127 328 3194 colebantur
360 3129 536 3216 praecipue
561 3129 601 3194 ab
624 3129 874 3195 Alexandrinae
902 3130 998 3194 aetat
990 3155 1016 3194 rs
1028 3130 1195 3224 perieget
1196 3129 1235 3212 is,

134 3259 201 3323 quo
221 3241 342 3304 factum
366 3247 430 3322 est,
452 3251 487 3304 ut
522 3260 638 3325 magna
660 3239 832 3305 multitudo
856 3250 887 3306 et
907 3215 1077 3304 titulorum
1100 3245 1131 3302 et
1156 3231 1241 3333 reli-⁶

132 3345 283 3432 quiarum
319 3350 369 3413 ex'
395 3348 559 3434 originum
595 3350 807 3437 scriptoribus
847 3357 975 3414 servata
1008 3347 1063 3433 sit,
1097 3347 1234 3436 querum

132 3456 328 3521 iereomnia·
351 3457 497 3521 conlecta
518 3467 594 3522 sunt
619 3459 653 3522 in
678 3452 828 3524 Muelleri
852 3461 893 3523 fr.
917 3457 992 3522 hist.
1016 3457 1067 3525 Gr
1080 3457 1119 3522 ⁹⁵.
1149 3457 1234 3523 Cum

133 3560 318 3648 originibus
348 3587 446 3652 saepe
478 3565 667 3631 coniunctas
690 3565 793 3632 fnisse
819 3565 1003 3651 συγγενείας
1024 3565 1043 3632 i.
1065 3587 1092 3630 e.
1124 3572 1233 3631 narra-

132 3675 240 3762 tiones
264 3672 536 3759 deacognatione,
560 3697 642 3760 quae
657 3675 881 3740 intercesserit
901 3659 987 3741 inter
1009 3675 1113 3739 varias
1133 3677 1231 3738 urbes

132 3784 240 3868 deque
270 3783 434 3874 communi
465 3805 576 3850 earum
611 3785 738 3878 origine
775 3786 932 3852 docemur
961 3794 1109 3850 vete'rum
1145 3785 1232 3848 testi·

233 4055 266 4107 25
288 4053 327 4108 of.
349 4072 419 4122 quae
437 4055 472 4109 de
492 4055 534 4110 his
557 4055 740 4124 scriptoribus
758 4055 850 4109 adfert
871 4057 980 4110 Ionsius
999 4058 1033 4112 de
1053 4058 1149 4128 script.
1167 4057 1233 4113 hist,

131 4149 231 4220 philus.
251 4151 300 4204 lib.
318 4151 363 4204 Ι.
369 4167 429 4220 esp
446 4151 506 4216 XII,
526 4155 550 4206 ὅ.
570 4154 653 4221 pte
675 4151 847 4205 Graefenhan
876 4155 1040 4217 ‚Gesctictte
1062 4152 1122 4210 der'
1129 4159 1232 4210 Μακί-

132 4251 213 4302 seben
234 4249 414 4320 l’ln‘loloyte'
403 4269 439 4302 sm
461 4251 620 4304 Altertlmm‘
640 4249 693 4303 v‘ol.
708 4247 743 4302 II.
762 4253 842 4318 p..29
867 4252 1004 4304 153.154
1023 4233 1137 4322 Klipprl
1157 4256 1232 4308 Atra.

32 4353 33 4356 ’
132 4350 202 4402 Mur.
222 4362 249 4416 p.
263 4347 316 4400 339
325 4362 365 4416 sq
