3108 5194
673 497 715 563 ὦ

144 681 283 749 Snldam
317 677 503 766 ,laconiae
535 689 698 770 apparent.
750 681 874 748 Tamen
908 681 1066 748 eiusmodi
1098 679 1247 762 testibus,

144 792 261 877 quales
279 799 378 858 »sunt
400 787 510 860 Sahal.
543 791 681 857 Aristidi
710 799 807 876 atque
848 791 909 856 Iul.
942 791 1121 858 Africanus
1161 789 1247 856 mul-

143 911 214 966 tum
237 901 446 966 tribuendum
483 923 554 966 esse
587 900 720 966 minime
749 899 893 966 eredami
931 899 1115 988 ¹Videntur
1139 899 1248 988 potius

143 1007 180 1074 in
200 1009 387 1076 uuiversum
404 1008 588 1077 Polemonis
608 1009 650 1074 de
661 1007 807 1074 Graecia
820 1009 923 1074 libros
941 995 1140 1093 significare,
1166 1029 1247 1092 quos

30 1111 33 1122 ’
144 1116 313 1196 hominum
336 1115 485 1184 manibus
510 1125 664 1190 versatos
688 1116 788 1183 fuisse
812 1116 923 1182 multia
946 1131 988 1182 ex
1012 1117 1110 1182 rebus
1131 1116 1247 1202 proba·

108 1255 111 1260 ¹
142 1224 211 1294 bilo
234 1225 348 1307 fiant
369 1225 431 1294 lam
453 1225 737 1317 supradiximus„
773 1225 945 1294 Peculiare
968 1225 1054 1291 enim
1076 1233 1248 1311 praeterea
1339 1246 1347 1256 ·

143 1357 227 1421 opus
259 1335 361 1410 tuisse
392 1335 592 1417 Polemonis,
627 1334 683 1414 eni·
714 1333 904 1420 inseriptum
931 1334 1032 1402 tuerit
1061 1329 1248 1420 ξΕίίηνικαὶ

142 1439 298 1528 ἱστορίαι(
335 1443 414 1520 mihi
450 1443 648 1530 persuadere
670 1466 736 1513 non
764 1430 910 1532 possum,
931 1444 1020 1532 ipsos
1042 1441 1150 1531 potius
1172 1442 1248 1508 illos

143 1554 199 1620 da·
214 1553 357 1623 Graeeia
387 1553 501 1640 libros,
535 1569 616 1638 quos
641 1553 727 1641 apud
750 1553 886 1622 Suidam
913 1553 1048 1620 nomine
1066 1550 1248 1640 periegesis

143 1663 404 1748 comprehensos
423 1663 616 1745 invenimus,
639 1661 816 1730 Africanus
839 1672 871 1726 at
894 1660 1006 1728 Sobel.
1021 1661 1162 1730 Aristid.
1183 1683 1248 1730 uno

142 1772 298 1856 nomiae,
329 1771 474 1872 quamtis
500 1771 633 1846 minime
664 1781 812 1866 aeeurato
824 1821 836 1855 ,
868 1771 1037 1870 appellant
1065 1767 1249 1858 Ἑλληνικὴν,
1283 1754 1291 1764 ’

145 1875 294 1966 ἱστορίαν
316 1879 386 1949 sive
416 1875 599 1970 Ἑλληνικὰς
624 1874 776 1969 ἱστορίας.
828 1879 873 1948 Et
901 1880 1091 1948 historicum
1124 1881 1249 1966 aliquid

146 2003 230 2060 sone
253 1989 361 2059 inerat
382 1989 415 2057 in
439 1989 629 2058 Polemonis
650 1989 751 2073 libris,
772 1989 810 2054 id·
832 1989 922 2076 qnod
944 2007 1010 2059 non
1034 2007 1077 2056 ex
1097 1989 1248 2076 reliquiis

143 2097 253 2169 solum
283 2099 340 2164 sod
371 2113 417 2164 ex·
445 2098 712 2184 inscriptionibus
746 2098 827 2186 ipsis
848 2100 1026 2184 librorum,
1056 2099 1248 2185 praesertim

143 2209 276 2290 talibus,
300 2208 414 2292 quales
436 2217 512 2285 sunt
528 2207 650 2286 κτίσεις
665 2211 731 2272 τῶν
753 2207 923 2288 ἐνφιιικίδι
946 2203 1097 2287 aduena„
1110 2231 1158 2274 ιιτ.
1181 2211 1248 2272 τῶν

144 2317 181 2384 ἐν
201 2311 321 2404 Πόντῳ
352 2313 504 2401 πόλεων,
533 2341 581 2383 κτ.
612 2309 774 2383 Ἰταλικῶν
799 2339 858 2384 κιιι
851 2317 1069 2402 Σικελικῶν,
1099 2328 1245 2418 apparet

142 2424 291 2550 ᾼοιισὰἰι
313 2425 399 2514 quod
429 2424 493 2490 duo
521 2425 582 2492 illa
611 2425 807 2511 testimonia,
829 2425 944 2516 quibus
979 2409 1172 2494 Hellenieae
1195 2428 1246 2492 hi-

144 2510 266 2600 storiae
289 2533 472 2616 laudantur,
495 2543 528 2598 et
553 2535 593 2599 de
615 2533 731 2602 eodem
753 2533 821 2600 tere
851 2545 1043 2618 argumento
1065 2543 1177 2631 agunt,
1203 2545 1247 2622 et,

144 2643 210 2734 nisi
232 2641 341 2741 fallor,
365 2665 406 2706 ex
427 2643 498 2730 ipso
519 2643 625 2727 primo
649 2643 838 2708 Polemonis
872 2642 951 2728 περὶ
976 2645 1034 2730 τῆς
1066 2634 1248 2730 Ἀθήνῃσιν

143 2725 361 2853 οἱκριιιιιὶλεὶος
383 2744 466 2814 libro
498 2760 625 2838 sumpta
646 2772 718 2816 esse
740 2747 901 2817 videntur.
944 2745 1079 2819 Nam
1052 2774 1123 2820 arno
1149 2752 1247 2819 dubio

147 2857 314 2925 Polemo'
305 2881 339 2924 ιιι
360 2859 453 2924 libris
475 2856 516 2924 de
539 2874 614 2927 are'a
631 2853 836 2926 Athenarum
859 2857 901 2925 de
915 2854 1125 2929 Parthenone
1148 2860 1246 2928 etiam

147 2952 255 3056 egerit
277 2959 411 3056 eiusque
433 2951 589 3058 tympana
613 2963 834 3055 descripserit.
887 2961 975 3053 Quid
996 2971 1124 3056 mirum,
1149 2971 1247 3059 q'uod,

146 3100 223 3141 eum
245 3067 369 3144 fabulas
389 3066 430 3164 de
452 3057 639 3142 Minervae
649 3077 828 3144 certamine
852 3095 924 3145 eum
943 3072 1097 3168 Neptuno
1121 3069 1162 3145 de
1186 3073 1248 3146 At·

149 3189 214 3252 tica
238 3198 325 3253 tarra
342 3171 533 3283 exponeret,
557 3187 644 3254 alind
666 3182 762 3253 etiam
777 3175 924 3275 Neptuni
947 3200 1111 3256 certamen
1132 3181 1249 3278 adtigit

148 3305 220 3362 οιιίιι
243 3289 370 3361 Iunone
406 3289 447 3360 de
470 3285 648 3382 Argolide,
677 3297 711 3362 in
735 3313 798 3391 quo
830 3294 951 3362 arbiter
973 3293 1167 3365 Phoroneus
1190 3293 1246 3365 ille

147 3404 219 3488 tuit,
241 3403 361 3492 Apidis
385 3415 488 3492 pater,
511 3404 552 3470 de
577 3428 640 3494 quo
663 3405 749 3494 apud
770 3396 960 3471 Africanum
980 3427 1087 3472 sermo
1111 3415 1170 3472 est.
1190 3400 1248 3492 (ef.

147 3512 245 3582 Pars.
271 3513 383 3597 11,·1e,
403 3503 763 3600 5).Oottrpfiratisram
785 3501 933 3598 reliquiis
956 3510 1119 3584 amntem
1141 3516 1249 3582 lucem

146 3603 298 3688 venient·
335 3622 479 3688 Accedit
500 3623 598 3688 allud.
622 3623 727 3712 Apud
739 3619 933 3689 Pausaniam
956 3623 998 3715 (l
1022 3625 1073 3698 14,
1095 3624 1129 3706 2)
1151 3626 1249 3690 etiam

146 3733 181 3798 in
207 3731 337 3796 Atticae
359 3731 580 3818 descriptione
601 3733 788 3798 uberiorem
822 3728 874 3797 de
888 3730 1049 3818 Argolide
1073 3735 1249 3821 expositio

146 3852 224 3906 nem
245 3838 441 3922 invenimus,
468 3838 524 3904 ubi
547 3837 799 3906 Athenlenstttm
828 3858 903 3905 anm
927 3841 1065 3925 Argivis
1098 3836 1139 3906 da
1164 3842 1248 3906 anti

149 3947 327 4036 qditatibus
349 3947 528 4014 certamina
550 3957 721 4033 memorat,
755 3949 809 4036 qui
832 3950 934 4034 loeus,
963 3948 1025 4014 nisi
1047 3949 1183 4016 fortasse
1207 3969 1250 4015 ox

144 4055 220 4144 lpse
248 4057 428 4122 Polemone
452 4066 600 4146 sumptus
632 4065 691 4136 est,
721 4067 830 4122 tamen
860 4052 991 4142 tndteat,
1022 4055 1185 4144 quomoda
1216 4055 1251 4124 in

148 4165 248 4231 rebus
270 4163 394 4230 Atticis
419 4165 644 4232 describendis
668 4166 827 4250 Argolica
852 4166 948 4230 etiam
981 4174 1122 4232 tremata
1144 4165 1250 4254 perte-

149 4282 227 4359 geta
248 4259 423 4359 potuerit)

251 4369 358 4447 Etiam
381 4379 422 4445 de
436 4379 608 4446 Helladi
616 4397 663 4446 oo
685 4379 749 4445 due
767 4388 891 4446 tantum
912 4371 1096 4448 testimonia
1118 4391 1251 4448 exstant
