3108 5194
660 453 701 522 33
968 513 984 558 „

129 643 305 712 itineribus
341 642 547 708 instituendis
582 639 742 707 eiusmodi
777 650 886 706 certus
918 639 1000 706 ordo
1031 649 1147 706 natura
1180 643 1229 708 rei

129 753 316 841 imponitur.
372 753 526 818 Attamen
558 751 658 817 libros
699 772 775 832 eos,
807 750 861 838 qui
903 750 945 814 ad
980 749 1141 819 Graeciae
1172 752 1231 818 dc-

130 861 347 948 scriptionem
370 860 587 948 pertinebant,
609 883 627 924 a
651 857 830 924 Polemone
853 858 1024 945 copiosius.
1041 871 1074 925 et
1098 884 1228 928 accura-

128 971 195 1035 tius
220 970 360 1058 scriptcs
382 991 453 1034 esse
477 969 546 1035 veri
570 968 676 1034 simile
709 978 768 1052 cst,
791 975 886 1052 q'uam
909 968 1044 1034 aliarum
1069 979 1229 1036 terrarum

9 1113 13 1120 ·
127 1073 361 1164 ττεριῖημίσεις,Ι
389 1099 473 1163 quae
494 1079 533 1144 ab
556 1077 645 1142 illius
677 1077 790 1160 aetatis
817 1077 1002 1142 hominibus
1036 1089 1125 1144 certe
1159 1101 1226 1143 non

128 1187 247 1252 eodem
269 1186 375 1252 studio
411 1185 617 1272 legebantur,
649 1184 824 1269 neque'ita
856 1185 1005 1250 omnibus
1038 1186 1078 1249 ad
1114 1209 1228 1252 manus

128 1306 239 1378 etant3
264 1317 327 1382 quo
350 1295 468 1364 factum
491 1313 563 1360 esse
583 1293 723 1375 videtur,
744 1303 780 1357 nt
800 1292 842 1358 de
855 1292 993 1361 Graecis
1015 1295 1111 1360 rebus
1128 1296 1224 1360 libro·

126 1427 202 1470 rum
234 1403 388 1487 reliquias
422 1403 599 1468 habeamus
630 1403 747 1468 multas
782 1401 920 1467 aliorum
951 1413 1059 1468 antem
1093 1425 1228 1490 operum

128 1511 225 1600 pauci
255 1520 379 1581 tantum
406 1509 490 1576 tituli
515 1517 661 1592 exstent3
696 1509 789 1573 multi
816 1519 987 1596 practerea
1006 1512 1228 1580 commentarii

127 1621 169 1686 ad
188 1619 301 1685 Asiam
317 1619 525 1704 Libyamque
548 1607 754 1704 pertinentes
778 1618 835 1698 (de
851 1618 1058 1684 Alexandria
1081 1609 1229 1704 fortasse,

127 1729 172 1796 de
195 1726 351 1810 Cyrene,
384 1726 474 1810 aliis)
502 1726 808 1815 videnturvperditi
843 1749 925 1794 csse.
974 1727 1096 1797 Contra
1123 1729 1230 1796 Bern-

127 1837 276 1920 hardyns
298 1834 445 1906 ad'Snid.
468 1835 489 1899 l.
506 1834 535 1900 l:
559 1822 752 1920 ,equidemf‚,
766 1833 890 1920 inquit,
915 1835 1119 1917 ,industriam
1141 1837 1229 1904 illius

127 1946 246 2031 opinor
278 1945 312 2010 in
342 1943 458 2010 finibus
490 1942 693 2010 Graecorum
716 1954 1000 2020 monumentorum
1019 1965 1056 2008 ac
1077 1944 1227 2011 donario·

126 2075 202 2122 rum
225 2075 297 2124 sese
320 2052 541 2136 continuisse,
575 2052 690 2140 quibus
712 2053 848 2120 comites
870 2051 897 2120 si
921 2053 1001 2120 libet
1022 2053 1229 2125 addnslibel-
1317 2139 1319 2142 Ι

125 2164 186 2238 loe¹
205 2163 247 2239 de
269 2161 410 2228 Dodone
432 2162 528 2228 etde
552 2161 781 2231 Samothrace.
824 2161 908 2228 Nam
930 2161 1051 2240 κτίσεις
1067 2153 1229 2230 Ἰταλικῶν

125 2271 184 2336 καὶ
198 2271 378 2348 ,Σικελικῶν
400 2275 451 2355 (ut
471 2271 512 2336 de
530 2271 687 2358 suspectis
711 2271 814 2341 titulis
829 2295 929 2340 unum
964 2283 996 2337 et
1025 2294 1100 2340 eum
1121 2273 1228 2340 incre·

126 2380 462 2463 dibilemattingarn)
486 2400 567 2444 cave
587 2379 727 2464 ,colligas
749 2399 767 2443 c
787 2380 891 2448 schol.
914 2381 1072 2470 Apollon.
1087 2382 1150 2466 lv,
1166 2369 1242 2448 324Ι

125 2475 171 2562 οὗ
191 2483 386 2575 μνημονεύει
407 2486 571 2572 Πολέμων
597 2486 631 2554 ἐν
652 2488 756 2555 κτίσει
780 2480 941 2557 Ἰταλικῶν
959 2489 1014 2556 καί
1032 2491 1228 2558 Σικελικῶνε

126 2597 261 2686 quaesi
293 2597 500 2684 corrigantur
530 2598 612 2666 sicut
634 2619 695 2683 par
715 2607 765 2664 est
788 2597 822 2664 ἐν
852 2595 955 2666 κτίσει
976 2598 1132 2665 Παλικῶν
1161 2602 1229 2676 τῶν

125 2707 306 2777 Σικελικῶν
331 2712 374 2789 (v.
396 2705 495 2782 Diod.
517 2706 556 2772 Τ.
575 2707 610 2772 Π
629 2728 662 2793 p.
676 2707 766 2790 525),
791 2728 888 2772 nemo
920 2731 988 2774 non
1023 2729 1060 2772 ea
1081 2709 1231 2774 censebit

124 2815 171 2882 ad
193 2817 301 2884 locum
325 2815 480 2884 Macrobii
497 2816 540 2898 V,
560 2816 599 2880 19
618 2815 814 2882 referenda!
843 2815 1011 2884 Confiteor
1034 2827 1154 2902 tamen,
1176 2839 1228 2882 me

123 2945 235 3009 neque
250 2925 323 3007 hoc,
336 2943 441 3010 neque
454 2945 538 3009 qnae
558 2924 599 2988 de
614 2923 833 3012 (periegesii)
854 2915 950 2990 Ἰλίου
975 2923 1059 2990 dixit
1072 2924 1111 2992 V.
1128 2923 1190 3008 CL,
1202 2924 1229 2964 ²⁰

123 3019 486 3124 persuasumshahcre„
518 3031 602 3098 Nam
630 3032 874 3120 ⁸quinfflolemo
895 3032 937 3098 de
967 3032 1027 3101 Ilio
1065 3034 1163 3098 etiam
1194 3035 1228 3100 in

124 3144 225 3209 libris
247 3143 313 3208 snis
336 3140 461 3228 egerit,
483 3164 558 3206 cum
579 3142 687 3228 patria
710 3142 821 3226 fuerit,
842 3141 899 3206 vix
920 3141 1131 3210 dubitandum
1156 3144 1244 3210 erit„

122 3254 196 3336 (Of.
218 3252 317 3320 ctiam
338 3251 380 3318 Ο.
397 3251 492 3334 lehn:
516 3252 570 3325 hl.
592 3253 726 3338 patet).
756 3252 930 3338 Accedunt
951 3251 1072 3329 κτίσεις
1099 3255 1165 3316 τῶν
1195 3251 1230 3317 ἓν

122 3357 249 3448 Πόντῳ
280 3355 428 3442 πόλεων,
458 3360 503 3424 ita
528 3370 563 3428 ut
591 3360 752 3440 Asiaticas
774 3384 829 3426 res
857 3382 931 3426 eum
964 3370 1118 3429 tractasse
1153 3361 1229 3428 satis

123 3480 277 3554 constet3
301 3470 429 3536 accedit
452 3469 594 3554 deniqne
616 3469 658 3534 de
679 3468 1005 3553 Carthaginiensibus
1022 3471 1122 3536 rebus
1146 3469 1231 3537 liber

122 3581 206 3665 περί
225 3583 292 3649 τῶν
313 3577 346 3646 ἐν
370 3573 555 3664 Καρχηδόνι
576 3576 725 3645 πέπλων.
844 3553 849 3579 ’

229 3688 323 3770 Quae
361 3711 436 3752 cum
457 3687 511 3752 'ita
531 3686 616 3769 sint,
650 3687 757 3754 onmia
788 3688 872 3752 benc
907 3709 942 3754 sc
964 3687 1143 3770 haberent,
1165 3689 1227 3754 nisi

119 3803 199 3873 duo
221 3798 342 3892 scripta
366 3798 426 3862 snb
448 3796 637 3874 Polemonis
660 3796 791 3862 nomine
817 3820 836 3860 a
869 3795 1035 3862 veteribus
1058 3798 1229 3864 traderen-

131 3965 332 3984 ..v—*p*—

226 4078 261 4131 90
272 4073 369 4140 ‚Huius
386 4073 538 4130 auctoritas
556 4089 612 4128 non
623 4073 713 4144 magis
732 4078 774 4129 est
792 4071 918 4128 confessa
927 4089 1010 4143 qnam
1020 4073 1080 4128 ein!
1089 4072 1163 4142 libri,
1182 4074 1228 4144 qui

122 4173 280 4243 inscriptus
308 4169 392 4224 inisse
414 4169 507 4224 fertur
524 4176 633 4230 Ικτίσεις
659 4171 714 4224 τῶν
742 4172 771 4224 ἓν
790 4164 891 4240 Πόντῳ
918 4167 1043 4224 πόλεων]
1078 4171 1134 4225 Pro
1149 4157 1237 4224 Ἰλίαν

123 4273 188 4331 cod.
207 4255 248 4325 *V
263 4255 353 4338 hebet
379 4263 477 4332 maon,
498 4272 593 4320 tamen
619 4267 710 4336 ipsum
722 4261 725 4270 ’
737 4267 904 4321 vocabulum
923 4284 980 4322 non
999 4268 1163 4322 mutandum
1189 4269 1229 4322 vi·

121 4373 219 4446 detur,
237 4359 292 4422 etsi
310 4364 364 4424 alia
382 4363 457 4434 apud
472 4364 592 4424 ‚Suidesn
611 4364 691 4426 ualde
709 4365 825 4450 confusa
843 4368 915 4424 sunt.

1025 4465 1042 4520 3
