3108 5194
853 465 896 532 56

326 649 426 717 dubio
458 651 546 716 inter
566 647 777 736 Hegesandri
803 651 1052 720 commentarios
1083 651 1141 716 ille
1169 659 1273 723 totum
1303 651 1433 734 librum

324 759 512 848 complevit,
531 761 565 828 in
581 783 651 846 quo,
662 761 785 826 similes
801 760 841 824 de
856 761 1075 831 monumentis
1091 762 1254 833 orossius
1268 761 1431 842 derebus

325 870 380 934 vel
403 869 589 939 hominibus
612 893 685 938 cum
713 870 778 940 illis
811 870 1050 958 quodammodo
1081 871 1224 939 conexis·
1244 870 1429 959 narratiun-

324 979 425 1058 culas,
454 980 590 1062 fabulas,
620 979 756 1049 facetias
778 979 958 1052 narraverit
968 979 1129 1068 scriptor,
1165 1000 1260 1064 quem
1289 978 1429 1046 tradidit

323 1087 483 1171 derebus
506 1073 756 1176 hominibusque
780 1088 864 1156 aliis.
918 1088 1094 1154 Praeterea
1125 1109 1186 1176 per
1216 1109 1253 1156 ss
1285 1097 1430 1177 apparet

326 1197 590 1283 Hagesandrum‚
615 1197 736 1286 quippe
759 1197 814 1282 qui
836 1196 933 1267 luerit
953 1198 1117 1286 Delphus,
1145 1215 1221 1267 cum
1246 1198 1286 1268 do
1300 1197 1428 1272 statuis

325 1316 358 1371 et
378 1307 500 1372 ceteris
523 1306 741 1374 monumentis
756 1315 881 1392 ageret,
890 1305 1056 1392 Delphica
1077 1303 1187 1394 opera,
1210 1307 1235 1371 si
1257 1329 1322 1379 non
1344 1307 1427 1389 sola,

325 1415 569 1504 qnodtprobari
598 1416 724 1501 nequit,
754 1426 864 1482 tarnou
893 1415 928 1480 in
953 1415 1066 1502 primis
1090 1415 1299 1498 tractamsse3
1331 1425 1428 1486 certa

326 1543 435 1611 paene
450 1527 504 1588 rds
530 1523 568 1590 ht
595 1535 781 1612 propterea,
813 1522 1024 1612 quod'ipsius
1047 1524 1224 1612 fragmenti
1245 1542 1426 1610 argumen-

324 1643 391 1698 tum
413 1642 472 1698 τιὴ
486 1634 527 1698 de
542 1632 713 1720 Delphico,
730 1632 866 1700 donario
889 1632 967 1698 satis
986 1631 1125 1725 inlustri.
1155 1631 1208 1698 Ita
1228 1634 1347 1698 faenum
1362 1641 1425 1715 est,

323 1742 478 1826 nussiam
497 1742 553 1808 hio
576 1765 641 1808 suo,
658 1741 729 1809 iure
750 1742 837 1810 inter
859 1763 969 1808 rerum
984 1741 1223 1830 Delphicarum
1236 1742 1425 1828 scriptores

323 1849 531 1936 recipiendus
569 1849 676 1916 fuerit.
739 1850 881 1919 'Videtur
921 1849 1138 1935 Hagesander
1169 1849 1330 1919 eiusmodi
1354 1873 1426 1918 ‚res

323 1963 482 2042 narrasse,
495 1980 594 2047 quae.
610 1969 768 2045 enegetse
791 1958 972 2047 hospitibus
992 1980 1161 2048 exponere
1183 1959 1343 2041 solebant,
1374 1960 1424 2026 for

328 2069 419 2136 bulas
441 2069 529 2152 istas,
543 2091 679 2156 quarum
693 2091 812 2157 magua
834 2069 1007 2140 multitudo
1025 2068 1121 2137 etiam
1145 2070 1186 2138 ub
1208 2068 1280 2134 aliis
1302 2067 1426 2136 tradita

325 2185 383 2244 est.
420 2177 620 2264 *Praecipue
646 2187 756 2244 autem
788 2201 829 2246 eo
863 2177 1082 2246 memorabilis
1107 2187 1157 2243 est
1178 2186 1302 2261 noster,
1330 2179 1426 2262 quod

322 2286 416 2352 haud
431 2307 591 2373 magnum
614 2297 743 2373 tempus
759 2297 840 2374 post
861 2287 1132 2354 Anaxsndridam
1154 2296 1188 2350 ct
1208 2287 1315 2372 ipsum
1339 2288 1425 2354 Del·
1535 2353 1536 2388 η

322 2395 424 2483 phum
445 2395 711 2462 et'Polemonom
733 2395 825 2465 vixit,
847 2394 1014 2462 Athenaei
1040 2395 1097 2472 (V.
1120 2419 1151 2482 p.
1168 2395 1232 2462 210
1253 2394 1298 2479 B)
1319 2395 1427 2462 verba

320 2515 395 2573 sunt
410 2505 515 2572 haec:
539 2521 554 2555 ·'
726 2581 730 2589 q
1175 2548 1179 2568 .

401 2610 623 2703 Ἡγήσανδρος
653 2613 680 2680 δ’·
712 2609 731 2680 δ
760 2609 892 2702 Δελφὸς
920 2612 954 2679 ἐν
983 2616 1037 2700 τῷ
1058 2612 1310 2703 ἐπιγραφομένῳ
1336 2611 1424 2684 διτο-

319 2720 460 2812 μνήματι
471 2716 671 2806 ἀνδριάντων
684 2722 738 2791 καὶ
751 2715 942 2808 ἀγαλμάτων
954 2716 1195 2814 Ιάαάκουῖφησὶ
1209 2727 1269 2790 τοῦ
1280 2723 1367 2792 Χίου
1382 2721 1425 2792 τδ
1534 2723 1535 2760 ³

321 2834 355 2900 ἐν
373 2835 519 2922 Δελφοῖς
541 2828 726 2920 ὑπόστημα,
758 2824 832 2900 οἷον
862 2827 1042 2918 ἐγγυθήκην
1072 2828 1144 2898 τινά
1165 2833 1310 2919 σιδηρᾶν,
1343 2823 1423 2900 civoi-

320 2951 414 3032 19ημα
436 2937 639 3009 Ἀλυάττου·
675 2929 714 3008 οὗ
737 2937 1182 3028 δἩρόδοτοςμνημονεάει,
1201 2941 1426 3030 ὑποκρητηρί-

320 3055 392 3120 διον
408 3045 491 3118 mirri
513 3052 631 3116 καλῶν.
674 3050 743 3118 Καὶ
765 3045 782 3118 δ
804 3044 1026 3136 Ἡγήσανδρος
1045 3041 1146 3116 ταδτδ
1166 3049 1261 3136 λέγει.
1388 3093 1395 3100 -

402 3163 469 3228 Pro
482 3155 722 3246 ,Ἡγήσανδρος’
735 3161 838 3225 altero
862 3161 936 3225 loco
958 3159 1168 3226 scribendum
1181 3159 1287 3229 videri
1309 3152 1423 3244 ,Ἀνα-

322 3269 500 3357 ξανδρίδηςε
524 3269 664 3334 vidimus
688 3291 786 3362 supra
807 3292 838 3356 p.
853 3268 902 3336 19.
916 3305 954 3332 -τ
971 3271 1025 3334 De
1047 3268 1218 3335 vocabulis
1239 3258 1365 3354 άγαλμα
1388 3281 1424 3336 et

323 3371 457 3464 άνδριάς
477 3391 627 3444 accurate
652 3387 792 3464 egerunt
816 3378 1028 3446 Ruhnkeuius
1051 3377 1093 3442 ad
1109 3377 1232 3444 Timaei
1254 3377 1320 3442 lex.
1345 3377 1423 3444 Pla·
1532 3405 1533 3436 t

321 3498 389 3554 ton.
411 3488 477 3576 p.4
499 3497 532 3554 et
554 3485 694 3554 Siebelis
716 3488 748 3554 in
772 3471 915 3573 praefat.¹
933 3488 1030 3555 Paus-
1055 3509 1087 3574 p.
1099 3485 1335 3554 XLI-XLIV
1337 3535 1346 3569 ,
1378 3490 1421 3552 cf.

321 3599 424 3666 Heur.
450 3597 567 3686 steph.
590 3598 690 3664 Thes.
713 3622 738 3664 s.
764 3621 796 3663 v.
819 3587 953 3683 άγαλμα.
1023 3595 1111 3678 Quid
1143 3594 1330 3680 significent
1364 3619 1422 3662 vo·

322 3729 389 3790 ees,
402 3707 599 3794 eliciendum
619 3716 723 3774 estex
737 3706 883 3794 ipsarum
902 3704 1128 3791 originatioue.
1153 3704 1269 3789 Itaque
1282 3695 1422 3792 άγαλμα,

321 3842 396 3884 τινα]
425 3819 466 3883 sit
494 3817 671 3884 deductum
701 3843 720 3884 a
743 3818 844 3884 verbo
869 3807 1008 3900 άγάλλω,
1041 3815 1204 3900 signifieat
1238 3815 1421 3882 seeundum

323 3926 467 4012 Hesyth.
496 3930 583 4012 μνᾶν,
611 3911 714 4016 δφ’ᾦ
744 3949 794 4003 τις
815 3915 1005 4009 άγάλλιταδ.
1053 3925 1100 3990 υἷέ
1118 3923 1263 3994 suidas
1283 3914 1422 4010 ,άγαλμα

321 4032 489 4102 πάντατά
509 4032 635 4121 κόσμου
660 4031 751 4115 τινὸς
779 4033 977 4119 μετέχοντα.
1030 4034 1211 4122 Praecipue
1243 4043 1421 4122 usurpetur
1530 4077 1531 4092 t

322 4145 363 4211 ds
387 4146 512 4228 statuis,
533 4145 724 4228 simulacris,
745 4142 945 4229 anaglyphis
968 4163 1009 4208 ex
1036 4142 1254 4230 qualicunque
1285 4141 1422 4209 materia

322 4255 435 4338 factis3
459 4254 557 4319 etiam
578 4254 708 4320 tabulae
730 4255 837 4342 pictae
849 4244 1015 4340 ἀγάλματα
1035 4251 1284 4339 appellabantur
1305 4274 1419 4319 secun·

323 4364 399 4432 dum
412 4363 564 4434 Suidam:
587 4357 789 4450 ,Ἄγάλματα
804 4358 936 4442 καὶτὰς
955 4359 1081 4453 γραφάς
1099 4362 1155 4447 1καὶ
1175 4358 1253 4442 curig
1272 4353 1418 4449 άνδριάν-
1529 4407 1530 4410 ¹
