3108 5194
517 411 669 560 '¹21

103 643 226 708 librum
251 643 382 710 novisse
406 653 438 708 ct
460 645 638 710 secundum
662 644 755 708 illum
786 667 880 710 suum
902 643 1117 730 inscripsisse,
1136 643 1205 708 sive

101 751 278 816 librarium
302 752 463 839 quendam
502 763 637 839 propter
660 751 766 817 simile
797 761 1025 837 argumentum
1050 751 1206 818 Anaxan-

100 859 218 924 dridse
239 861 322 926 libro
346 862 485 927 similem
509 863 640 928 titulum
664 862 795 928 dedisse
818 863 1033 948 suspicemur.
1079 861 1208 926 Temen

100 991 142 1033 ea
164 991 200 1034 re
233 993 298 1034 non
322 971 441 1036 adduci
474 971 640 1053 debemus,
672 981 708 1036 ut
738 971 917 1036 scribamus
949 994 1009 1058 pro
1032 970 1206 1054 ,περὶτῶν

100 1077 314 1164 συληθέντων
337 1078 370 1144 ἐν
383 1080 536 1166 Δελφοῖς
548 1071 803 1165 ἅναθήμάτωνζς
818 1091 855 1144 π.
872 1098 903 1144 n.
925 1099 954 1144 σ.
979 1077 1018 1144 ἐκ
1030 1080 1206 1164 Δελφῶν

97 1179 346 1274 ἀναθημάτων]
388 1189 494 1254 Etiam
517 1189 550 1254 id
572 1213 638 1254 non
661 1190 818 1276 exignum
839 1188 981 1272 videtur,
1004 1188 1093 1272 quod
1117 1188 1205 1276 apud

99 1297 353 1386 Theopompum
371 1299 596 1385 scriptumest
614 1323 697 1385 ,χρημ
685 1294 807 1382 μάτων,
810 1298 926 1385 ‘apud
939 1298 1204 1363 Anaxandridam

98 1398 363 1491 ,ἀναθημάτων
397 1428 446 1471 ex
463 1429 535 1514 quo
559 1401 756 1490 discrimine,
792 1405 871 1490 qnid
906 1406 1041 1489 uberque
1078 1417 1135 1493 po
1136 1429 1205 1471 1ss1

99 1536 194 1580 mum
219 1517 280 1582 sibi
301 1516 443 1581 voluerit
465 1507 618 1604 scriptur,
643 1514 912 1602 cognoscendum
934 1513 1018 1580 e'st.

207 1625 305 1708 Quod
337 1625 378 1688 ad
410 1625 518 1690 fidem
543 1624 801 1690 Anaxandridae
822 1623 966 1714 adtinet,
990 1645 1028 1690 ea
1060 1647 1142 1712 quae
1163 1625 1209 1690 de

98 1733 280 1818 Lysandro
313 1721 427 1798 eontra
453 1751 533 1796 *enm
568 1731 648 1797 dicit
667 1729 875 1815 Plutenclms,
907 1755 972 1796 non
996 1733 1112 1819 magni
1131 1743 1206 1798 sunt

100 1843 272 1928 momenti,
293 1842 395 1930 pluris
418 1837 779 1908 autentaestimandum«
798 1851 857 1925 est,
882 1841 977 1925 quod,
994 1849 1107 1908 contra
1131 1864 1212 1907 eum·

100 1952 241 2017 Polemo
269 1951 413 2040 scripsit
436 1951 567 2018 librum
590 1969 675 2020 nonl.
689 1973 838 2036 pervum,
871 1949 1033 2038 siquidem
1056 1960 1206 2037 quattuor

100 2060 209 2125 lib'ros
231 2060 390 2124 continuit
424 2057 612 2124 Polemonis
642 2052 832 2148 ἄνννγραφή.
890 2057 1059 2124 Polemoni
1083 2068 1205 2142 autem,

102 2179 144 2234 ut
168 2167 201 2234 in
222 2169 295 2234 aliis
315 2170 412 2236 rebus
433 2167 479 2233 ita
502 2169 605 2236 etism
622 2169 656 2232 in
677 2169 738 2252 eis,
761 2191 844 2256 quae
864 2171 906 2239 de
919 2170 1060 2296 Delphis
1085 2179 1205 2251 narrat,

99 2277 331 2345 auctoritatem
351 2277 563 2348 tribuendam
580 2269 654 2344 essu
684 2277 777 2417 hand
771 2277 961 2366 exiguum,
983 2278 1205 2418 insequenti

101 2391 170 2454 bus
192 2387 430 2454 dembbstrane
438 2385 691 2456 conabimur
