3108 5194
668 449 705 514 51

135 635 432 724 Mnesiptolemum
455 633 547 722 ponit
571 655 619 698 ca.
637 631 691 699 Ol.
701 629 803 714 OXL,
814 632 846 716 4,
869 631 890 696 i.
905 653 932 696 e.
955 655 983 696 a.
995 631 1055 695 217
1080 655 1108 696 a.
1129 629 1206 696 Chr.
1218 626 1242 696 ⁵.

141 747 202 813 Ad
220 743 377 812 Antiochi
391 744 502 829 Magni
524 752 664 808 aetatem
687 742 836 828 pertinet,
854 741 951 806 etiam
971 741 1059 825 quod
1082 751 1131 806 eet
1155 742 1241 827 apud

137 855 267 922 Athen.
282 851 343 922 xi.
367 877 398 942 p.
409 851 512 918 arra
534 852 586 934 (a.
597 849 635 913 ιι
660 851 747 917 Mus.
771 875 812 907 =
828 851 870 915 24
893 849 1005 934 Koa),
1034 852 1089 916 uer
1110 851 1150 916 ee
1176 834 1252 916 aa?

133 963 303 1052 phorione
335 971 431 1050 poeta
460 970 493 1025 ct
516 960 698 1044 Prytanide
734 959 931 1047 philosopho
958 980 1066 1024 sermo
1100 968 1150 1022 est
1182 959 1241 1040 (cf.

134 1072 307 1153 Meinelre,
329 1071 475 1136 analecta
486 1067 670 1135 Alexandr.
681 1069 744 1154 p.6
760 1068 800 1154 s.)
817 1068 983 1156 Euphorio
1008 1076 1100 1132 natus
1125 1075 1174 1132 est
1195 1091 1240 1133 ea.

136 1179 197 1248 Ol.
221 1179 380 1260 CXXVI,
402 1181 430 1262 1,
452 1179 473 1246 i.
489 1201 516 1244 e.
539 1204 566 1244 a.
586 1178 648 1242 276
668 1202 696 1243 a.
720 1175 809 1259 Ohr,
836 1178 921 1263 apud
946 1175 1146 1242 Antiochum
1170 1177 1238 1242 Ma·

139 1313 248 1378 gnum
272 1290 305 1354 in
329 1290 454 1355 honore
475 1289 537 1356 fuit
561 1311 607 1353 ea.
624 1287 678 1355 Ol.
693 1287 886 1386 CXXXIX,
898 1287 928 1370 4,
952 1287 972 1351 i.
986 1308 1014 1350 e.
1036 1286 1096 1350 221
1116 1310 1143 1351 a.
1160 1284 1241 1352 Chr.

137 1401 187 1481 (v.
215 1397 380 1476 Olinton.)·.
425 1395 477 1460 De
499 1395 680 1482 Pryta'nide
700 1394 923 1482 peripatetico,
947 1394 1144 1480 Hieronymi
1167 1415 1239 1458 auc·

138 1525 276 1572 cessere
297 1505 339 1570 cf.
359 1504 477 1590 Polyb.
490 1505 533 1589 V,
546 1505 601 1586 933
635 1502 795 1590 Antigoni
818 1503 962 1568 Dosonis
983 1503 1072 1568 iussu
1095 1501 1240 1567 civilium

139 1617 258 1699 legum
278 1614 404 1679 tabulas
425 1613 571 1678 condidit
593 1612 890 1699 Megalopolitanis,
914 1634 960 1675 ca.
983 1610 1036 1678 Ol.
1051 1611 1241 1692 CXXXIX,

139 1726 174 1806 2,
198 1724 219 1788 i.
236 1743 264 1788 e.
286 1745 314 1787 a.
334 1723 397 1786 223
418 1746 446 1787 a.
464 1720 553 1804 cur,
574 1732 609 1786 ut
635 1720 869 1786 demonstravit
889 1720 1062 1806 Koepkiue
1082 1741 1114 1805 p.
1127 1720 1178 1784 33.
1199 1757 1241 1766 -

138 1830 246 1918 Apud
271 1831 391 1896 Athen.
414 1830 461 1909 ΙΙ,
484 1829 525 1896 52
543 1829 578 1896 A
599 1829 652 1912 (fr.
664 1831 707 1893 41·
720 1828 806 1893 Mne.
828 1851 870 1886 =
891 1829 932 1892 30
946 1828 1044 1910 Koe.)
1067 1828 1240 1912 Hagesan-

138 1939 204 2004 der
225 1939 293 2026 agit
316 1939 357 2004 de
379 1939 563 2023 Pythermo
579 1938 733 2025 Ephesio,
756 1937 811 2022 qui
832 1947 905 2025 post
925 1937 1156 2002 Antiochuml
1179 1936 1240 2005 So-

135 2057 212 2114 tera
232 2045 302 2133 (Ol.
322 2047 462 2133 CXXV,
488 2049 561 2111 1-
576 2047 737 2130 CXXIX,
759 2049 790 2132 4,
812 2048 833 2114 i.
857 2069 885 2115 e.
908 2046 1074 2112 280—261
1097 2072 1124 2113 a.
1146 2047 1240 2128 Chr.)

135 2158 211 2222 sive
232 2156 432 2222 Antiochum
444 2156 478 2222 II
500 2159 609 2222 Deum
628 2155 698 2242 (Ol.
713 2155 903 2238 OXXIX,4
921 2191 963 2210 —-=
987 2154 1184 2252 CXXXIII,
1207 2157 1241 2238 3,

1 2333 2 2336 ,
136 2268 163 2332 i.
178 2287 205 2333 e.
227 2290 255 2332 a.
269 2265 348 2332 Chr.
369 2265 547 2346 261-246)
570 2263 661 2330 vixit.
705 2266 748 2330 cf.
773 2265 921 2330 Mueller.
947 2265 987 2330 fr.
1011 2266 1085 2331 hiet.
1110 2265 1169 2332 Gr.
1178 2265 1237 2330 IV.

1 2375 2 2442 j
137 2401 176 2464 p.
188 2375 260 2440 487.
282 2374 424 2461 Koepke
440 2397 473 2462 p.
487 2374 524 2438 21
539 2397 565 2439 s.
588 2411 629 2422 —-
649 2374 803 2461 Denique
825 2373 1033 2460 Hegesandri
1055 2374 1239 2461 fragmenta

137 2492 294 2572 quattuor
313 2482 399 2569 apud
411 2482 533 2548 Athen.
545 2483 607 2549 VI.
628 2505 661 2572 p.
671 2481 733 2549 250
744 2482 827 2548 Du
853 2482 935 2566 (fra
960 2483 1047 2548 Mue.
1072 2510 1107 2540 =
1134 2483 1184 2551 13.
1197 2482 1238 2548 22

1 2597 2 2668 J
135 2589 248 2675 Koa),
265 2593 448 2679 '1x.p.400
460 2594 492 2659 D
515 2591 623 2676 (fala
638 2591 724 2657 Mus.
738 2619 772 2650 =
787 2590 831 2655 30
847 2589 957 2674 Koa),
973 2591 1067 2657 VIII.
1090 2613 1121 2677 p.
1133 2593 1236 2659 340F

1 2739 2 2768 1
135 2701 195 2787 (fr.
210 2702 247 2765 15
269 2702 355 2768 Mue.
379 2726 421 2756 =
443 2700 484 2765 23
504 2700 616 2786 Koa),
639 2700 701 2765 IV.
724 2722 754 2787 p.
770 2703 827 2766 167
851 2699 883 2766 D
909 2700 1000 2784 (faa
1024 2702 1111 2768 Mne.
1137 2727 1170 2758 ε.-
1196 2701 1235 2765 21

137 2809 241 2894 Koa.)
253 2810 418 2896 pertinent
439 2809 481 2875 ad
503 2809 825 2898 temporaAntigoni
841 2810 1001 2894 Geretae,
1016 2811 1071 2898 qui
1090 2811 1239 2896 regnavit

1 2913 2 2982 l
138 2919 197 2987 Ol.
220 2917 378 2998 CXXIV,
400 2920 421 2984 2
446 2957 484 2966 -
506 2917 681 3001 CXXXV,
699 2919 730 3003 2,
753 2919 773 2983 i.
791 2939 820 2984 a.
841 2919 1008 2986 283-239
1028 2944 1057 2985 a.
1080 2919 1159 2988 Chr.
1171 2920 1194 2983 ⁶.

1 3059 2 3072 ι
224 3028 394 3116 Scripta
417 3027 627 3114 Hegesandri
657 3029 716 3094 sub
740 3051 806 3094 unc
836 3029 930 3094 titulo
960 3031 1134 3096 laudantur
1155 3025 1237 3096 ὑπο·

1 3167 2 3214 ι
134 3131 322 3224 μνημάτων.
384 3134 471 3202 Sunt
506 3135 594 3200 enim
625 3136 847 3202 commentarii
885 3137 1058 3204 cuiuslibet
1093 3139 1237 3224 generis,

140 3246 403 3312 narratiunculae
423 3245 544 3329 variae,
577 3245 618 3310 ad
639 3256 747 3312 certos
771 3247 965 3336 plerumque
990 3247 1150 3330 hemines,
1179 3248 1236 3335 qui

143 3375 185 3420 eo
206 3355 278 3441 ipso
300 3363 449 3442 tempora
472 3354 636 3437 vivebant,
660 3365 853 3443 spectantes.
897 3355 1040 3419 Videtur
1064 3355 1235 3441 Hagesan-

1 3513 2 3548 ,
139 3463 278 3528 darilla
300 3462 407 3528 omnia
427 3463 497 3528 aive
520 3463 591 3551 ipse
611 3486 654 3528 ex
674 3464 813 3529 aliorum
835 3483 891 3528 ore
914 3463 1077 3550 accepisse
1098 3462 1168 3531 sive
1192 3477 1237 3532 ex'

1 3571 2 3578 '
138 3571 232 3640 libris
268 3572 456 3659 excerpisse
488 3583 521 3638 et
555 3573 601 3638 ita
633 3573 855 3658 composuisse
883 3583 919 3638 ut
946 3574 1134 3640 historiolae
1156 3573 1233 3638 illae

139 3691 275 3769 propter
305 3680 439 3746 facetias
474 3691 507 3746 ct
537 3671 621 3746 sales
654 3691 687 3745 ct
708 3691 901 3766 argumenta
927 3682 1063 3748 ridicula
1084 3683 1235 3768 legentes

139 3789 351 3856 delectarent.
403 3789 482 3855 Fuit
514 3789 616 3876 igitur
637 3791 787 3877 scriptor,
818 3791 930 3877 quales
952 3801 1064 3857 nostre
1085 3801 1235 3879 tempore

235 4062 252 4115 5
272 4060 313 4114 ne
332 4023 547 4130 Mnelipeolemo
567 4063 602 4116 cr.
627 4063 737 4118 Manes.
761 4065 795 4118 fr.
815 4065 878 4118 nal.
901 4066 948 4120 er.
960 4065 1013 4120 111:
1029 4069 1110 4135 p.7l.

236 4158 253 4211 6
272 4156 312 4211 Cf.
332 4156 452 4212 clinton.
472 4157 502 4210 F.
523 4158 556 4213 H.
575 4158 610 4213 Il.
630 4178 658 4228 p.
670 4163 721 4219 265
740 4161 875 4230 Krueger.
894 4191 928 4202 -
941 4161 1047 4218 Errore
1065 4162 1182 4218 Mueller
1199 4162 1233 4218 fr.¹

1 4245 2 4248 ¹
135 4251 201 4307 hist.
220 4253 267 4308 Gr.
287 4254 330 4310 lV.
351 4273 379 4326 p.
389 4258 442 4309 412
461 4255 598 4326 Antigoni
617 4257 742 4311 Gonatae
769 4257 916 4327 imperium
934 4260 1030 4328 posuit
1048 4277 1072 4315 a.
1083 4247 1239 4326 aaa-221,

136 4367 192 4419 quo
210 4353 336 4423 tempore
353 4351 511 4422 Antigonus
533 4353 629 4408 Doson
647 4354 782 4424 regnavit
