3108 5194
862 425 905 493 52

334 611 464 678 exstant
489 610 593 693 multi,
627 609 791 698 coluitque
823 609 855 674 id
887 610 958 676 fero
988 631 1093 696 genus
1116 611 1310 697 litterarum,
1344 613 1440 700 quod

332 731 494 788 nostrates
515 719 774 788 vocentGallico
797 721 956 786 vocabulo
978 721 1185 804 ,arrecdotes‘‚
1198 722 1232 790 ld
1255 733 1305 794 est
1325 723 1440 792 facete

325 815 419 896 'dieta
445 853 511 896 non
534 827 675 896 docendi
698 853 811 896 caussa
839 827 897 894 sed
922 828 1107 898 delectandi
1140 832 1244 915 gratia
1272 832 1308 912 in
1330 833 1442 901 homi·

331 961 409 1004 num
430 961 525 1005 usum
547 938 742 1024 composita.
775 938 853 1005 Fuit
874 937 936 1004 hoe
960 960 1003 1004 ex
1024 938 1131 1004 animo
1153 940 1240 1007 illius
1263 942 1442 1028 temporis,

333 1048 568 1114 diadochorum
593 1047 719 1132 aetatis,
753 1069 816 1132 qua
845 1046 976 1112 fabulae
999 1057 1031 1116 et
1054 1048 1258 1118 narrationes
1282 1049 1324 1119 de
1344 1051 1443 1118 inlu-

331 1157 450 1224 stribus
472 1157 550 1222 viris
575 1166 607 1222 et
629 1175 728 1220 verae
750 1164 783 1219 et
802 1155 904 1220 falsae
917 1156 1138 1241 vulgabantur
1162 1157 1441 1227 innumerabiles.

279 1347 284 1352 ,
331 1266 470 1332 Etcum
491 1265 646 1353 Delphus
670 1273 756 1330 esset
777 1274 900 1346 noster,
932 1265 965 1328 in
994 1264 1064 1352 ipsa
1093 1265 1197 1352 patria
1227 1277 1367 1353 proptor
1391 1266 1442 1332 in·

330 1374 523 1450 credibilem
544 1373 719 1441 hominum
742 1373 960 1457 frequentiam
984 1374 1064 1440 tales
1080 1374 1266 1443 historiales
1275 1375 1443 1442 audiendi

333 1483 471 1550 facultas
494 1481 631 1547 dabatur
653 1481 783 1569 optima.
806 1481 930 1550 Tamen
952 1503 1083 1570 semper
1095 1483 1236 1571 Delphis
1251 1505 1326 1548 eum
1344 1507 1442 1550 man·

332 1592 425 1676 sisse,
446 1591 503 1656 vix
527 1590 733 1657 crediderim.
755 1627 798 1638 -ν
818 1591 1010 1658 Auctoritas
1030 1591 1236 1676 Hegesandri
1256 1592 1441 1660 mediocris

331 1701 433 1766 fuisse
461 1699 608 1786 videtur,
645 1721 719 1766 cum
754 1721 836 1784 quae
863 1699 1065 1788 delectarent
1096 1701 1204 1788 potius
1234 1701 1442 1787 quaesiverit

332 1819 367 1874 et
385 1809 420 1874 in
440 1809 628 1876 adversaria
649 1809 823 1894 receperit,
856 1831 952 1893 quam
976 1829 1057 1896 quae
1080 1819 1215 1897 propter
1236 1808 1439 1894 gravitatem

331 1928 366 1983 et
387 1917 582 2006 exquisitam
607 1917 790 1984 doctrinam
814 1918 971 1984 memoria
993 1916 1093 2001 digna
1116 1926 1235 2002 essent,
1258 1940 1325 1982 nou
1351 1918 1439 1985 mul*

330 2037 401 2092 tum
436 2027 465 2091 ei
499 2027 710 2092 tribuendum
739 2027 880 2092 videtur.
948 2027 1050 2094 Recte
1084 2026 1278 2112 Droysenas
1309 2027 1441 2092 iudicat

330 2134 540 2218 (Gascdiedte
570 2135 624 2200 des
658 2133 879 2204 Hetteaismas
900 2135 945 2202 Il.
973 2160 1005 2224 p.
1027 2136 1088 2202 122
1110 2137 1184 2204 adn.
1207 2136 1297 2218 120);
1342 2134 1439 2220 ,Nur
1525 2135 1526 2138 ’

331 2245 508 2330 pedamen
531 2229 620 2308 aiclrt
642 2245 748 2309 acciet
771 2242 838 2330 auf
854 2244 1090 2312 dieAaroritat
1105 2243 1353 2332 Ilapesaadoe35
1379 2246 1438 2310 die
1525 2313 1526 2326 ,

332 2353 537 2420 melrotcdea
559 2350 802 2439 Aefia'drunpea
826 2377 885 2420 aaa
908 2356 1017 2420 actaea
1033 2351 1294 2439 Hypomnemate
1315 2356 1436 2438 wipere
1525 2333 1526 2356 i

333 2463 475 2530 deutlich
499 2462 562 2527 dea
586 2460 770 2528 Otaratrer
793 2461 900 2526 dieser
922 2459 1168 2546 ‚leecfrr’ledtd‘,
1189 2463 1296 2554 diceet·
1315 2468 1436 2530 cariae
1525 2505 1526 2509 =

332 2573 489 2638 historiae
522 2571 601 2636 eber
635 2569 768 2656 Ke'at‘pe.
793 2570 862 2636 aad
892 2569 1015 2654 Facete,
1047 2568 1183 2636 Dichter
1210 2569 1436 2656 aad'Natur,

332 2682 531 2748 Bitdsaatea
551 2681 620 2745 aad
638 2679 877 2764 Philosophum-ss
1007 2749 1009 2756 ,
1381 2743 1384 2750 ,

429 2790 527 2873 Quod
548 2789 590 2856 ad
615 2789 828 2880 reliquias
851 2789 1065 2876 Hegeaandri
1085 2789 1353 2871 adtinet„,vatda
1376 2815 1436 2854 va-

218 2925 219 2928 *
331 2900 401 2964 riae
425 2910 511 2982 sunt,
542 2899 601 2964 sed
635 2899 814 2984 diligenter
844 2899 998 2986 perlectis
1027 2899 1176 2966 omnibus
1209 2909 1242 2966 et
1274 2899 1362 2968 inter
1379 2921 1435 2970 ‚se

332 3008 530 3094 comparatis
551 3007 624 3073 fieri
647 3031 712 3073 non
735 3009 945 3096 potest,quin
969 3016 1120 3076 tractatas
1143 3030 1194 3076 res
1217 3018 1307 3074 certa
1328 3031 1431 3093 qliae-

333 3117 407 3209 dam
428 3115 624 3203 argumenta
648 3118 781 3182 efficere
802 3127 837 3182 ot
863 3117 898 3182 in
920 3117 1078 3201 quaedem
1105 3118 1219 3204 capita,
1246 3127 1283 3186 ut
1314 3117 1366 3186 ia.
1383 3119 1436 3206 di-v

336 3248 419 3309 cam,
438 3225 664 3291 distribuenda
687 3246 759 3292 esse
779 3234 944 3311 appareat.
1002 3227 1049 3294 At
1080 3247 1186 3310 nequo
1214 3247 1296 3310 quae
1319 3226 1433 3314 Koep·

332 3334 406 3399 kius
438 3334 588 3402 distinxit
626 3343 659 3400 et
699 3357 757 3400 suo
794 3334 891 3398 modo
918 3334 1076 3421 disposuit
1103 3332 1318 3419 argumenta⁷
1352 3335 1434 3400 mihi

332 3441 474 3528 placent,
504 3463 613 3527 neque
642 3465 715 3508 cum
737 3442 890 3507 Muelleri
922 3441 1178 3510 distributione8
1211 3443 1247 3510 in
1278 3443 1432 3508 omnibus
1524 3519 1525 3528 ἵ

434 3578 450 3629 7
469 3575 509 3630 De
530 3573 612 3629 rebus
631 3575 773 3631 historicis
781 3576 819 3645 (p.
829 3580 862 3635 22
873 3580 932 3646 sq.),
953 3576 987 3629 ds
1000 3578 1168 3646 populorum
1186 3577 1311 3632 moribus
1330 3579 1361 3646 (p
1372 3578 1429 3648 35),

333 3671 471 3728 derebus
497 3672 533 3726 ad
556 3671 704 3726 historiam
732 3673 887 3728 naturalem
914 3671 1120 3746 pertinentibus
1149 3675 1255 3742 (pso),
1285 3673 1320 3728 de
1347 3674 1433 3728 rebus

333 3766 524 3836 grammaticis
540 3767 574 3835 (p.
588 3767 641 3834 36),
663 3767 697 3820 de
718 3767 876 3822 hominibus
894 3767 1052 3854 delicatulis
1069 3773 1123 3824 eet.
1143 3772 1180 3840 tp.
1194 3770 1246 3836 37).

433 3852 500 3908 efr.
528 3854 592 3907 hist.
612 3853 713 3908 (salv.
741 3871 768 3922 p.
779 3858 845 3908 412:
874 3885 906 3893 -
934 3855 1125 3924 ,Reliquorum
1151 3857 1369 3925 fragmentorum
1387 3874 1431 3910 ar-

334 3953 467 4020 gumenta
486 3949 596 4002 suntde
616 3949 742 4004 moribus
761 3951 903 4006 dissolutis
922 3957 951 4008 et
963 3953 1089 4007 dicteriis
1107 3955 1272 4023 principum,
1292 3954 1431 4023 parasito-

333 4063 409 4110 rum,
435 4044 618 4110 mnsicorum,
642 4050 804 4114 poetarum,
832 4049 981 4102 mimorum
1007 4050 1235 4119 adiutoremque,
1261 4045 1430 4122 ὀψοφάγων,

333 4137 526 4214 ῖχθυοφάγων,
545 4143 669 4210 ἐξοίνων,
700 4141 871 4215 ὑδροποτῶν,
890 4146 925 4199 de
944 4145 1138 4202 meretricibus
1157 4151 1186 4200 et
1205 4163 1274 4215 quae
1293 4147 1349 4200 hue
1366 4165 1432 4216 per-

335 4239 444 4301 tinent,
469 4239 504 4294 de
532 4239 615 4294 robus
634 4241 668 4294 ad
688 4241 881 4295 conviviorum
907 4243 1013 4296 cultum
1033 4244 1234 4314 spectantibus,
1258 4243 1295 4298 de
1311 4243 1430 4314 piscium

246 4409 248 4416 Α
334 4335 484 4406 generibus
502 4333 594 4401 variis,
616 4337 650 4390 de
670 4337 732 4392 eliis
752 4337 905 4396 sterilibus!
