3108 5194
407 1317 411 1324 ·
480 1317 483 1324 ι

329 1339 332 1349 '
446 1354 449 1362 ¹
501 1345 504 1355 '
541 1347 545 1372 ⁴
639 1343 659 1378 ·'l
699 1343 747 1376 ‘ult'

699 1388 702 1400 ι

397 1425 428 1462 ἶ”
526 1427 530 1435 “
555 1427 566 1455 ¹·
620 1445 622 1452 v
675 1451 687 1462 ,.
750 1427 757 1462 l

510 1463 513 1470 ³
563 1467 566 1478 n
595 1457 655 1484 {ibit
683 1472 700 1486 ,t
731 1456 765 1490 'my

289 1449 301 1460 '¹
398 1474 405 1484 ’
469 1449 796 1598 ῬῙΞΑΕΕΑΉα
877 1446 882 1459 ’

953 1431 957 1440 .
1182 1434 1185 1442 .

908 1455 968 1490 ἰΗέι
999 1458 1021 1483 1¹¹
1045 1455 1074 1491 5¹²
1141 1470 1161 1492 η

211 1851 411 1936 Delphicum
444 1849 612 1914 oraculum
638 1871 710 1912 cum
730 1847 817 1934 apud
839 1855 969 1912 veteres
991 1855 1114 1912 tantam
1136 1870 1188 1913 ce·

85 1959 275 2024 lebritatem
298 1958 457 2042 habuerit,
481 1969 601 2044 quanta
627 1958 682 2021 vix
706 1958 784 2022 satis
805 1957 956 2043 intellegi
978 1967 1098 2045 potest,
1121 1959 1192 2036 fac,

86 2078 159 2132 tum
184 2067 316 2152 quidem
337 2077 394 2146 est,
419 2077 454 2132 ut
475 2067 568 2132 multi
591 2067 710 2155 passim
732 2066 772 2130 de
796 2087 835 2130 ec
858 2065 1005 2132 dicerent
1027 2067 1188 2151 quaestio·

87 2198 215 2262 ncsque
233 2176 339 2240 varias
353 2176 578 2258 instituerent,
598 2197 694 2239 nemo
716 2183 823 2238 tamen
847 2174 980 2257 exstitit,
1001 2175 1056 2258 qui
1077 2197 1189 2240 omnes

82 2285 271 2372 Delphicas
307 2284 513 2369 antiquitates
547 2285 669 2348 maiore
700 2283 786 2347 libro
808 2305 845 2346 ca
869 2305 932 2369 qua
956 2306 1014 2370 par
1039 2293 1089 2348 est
1111 2307 1189 2349 cura

84 2395 279 2458 describere
305 2393 366 2457 sibi
387 2395 604 2481 proposuerit.
652 2393 763 2474 Quare
798 2393 1083 2479 operaepretium
1117 2415 1188 2459 esse

86 2502 170 2567 milri
187 2501 299 2568 'visum
323 2512 371 2565 est
397 2502 463 2565 talc
484 2502 654 2568 consilium
680 2525 775 2589 quam
800 2501 871 2565 fieri
894 2501 997 2587 possit
1017 2503 1186 2567 accuratis-

84 2612 171 2675 sime
196 2610 348 2697 persequi
379 2621 411 2674 ct
446 2609 491 2674 eis
521 2609 681 2695 omnibus,
710 2631 832 2694 quasa
864 2611 1031 2677 veteribus
1066 2613 1188 2677 tradita

85 2720 167 2801 sint,
189 2719 375 2807 perquisitis
397 2719 482 2782 viam
505 2719 596 2803 quasi
628 2719 668 2784 ad
699 2719 806 2806 ipsum
832 2743 914 2808 opus
943 2720 1188 2808 suscipiendum

56 2829 174 2892 mihi·
201 2849 326 2914 parare.
381 2828 473 2894 Inter
503 2829 681 2917 scriptores
716 2839 824 2894 autem
859 2829 1027 2912 Graecos,
1062 2831 1117 2916 qui
1147 2833 1188 2897 de

84 2937 232 3023 Delphis
255 2948 413 3024 egerunt,
434 2938 489 3001 vel
523 2936 743 3002 inlustrissimi
764 2937 918 3002 videntur
942 2939 971 3002 ci
996 2939 1108 3022 fuisse,
1132 2940 1187 3024 qui

83 3046 184 3113 simili
217 3047 287 3110 fere
319 3046 445 3110 ratione
473 3054 571 3132 atque
596 3041 771 3110 Pausanias
795 3045 836 3110 de
864 3048 962 3112 rebus
986 3057 1018 3111 et
1036 3046 1185 3113 Phocen-

82 3156 178 3221 sibus
202 3165 234 3218 ct
255 3154 437 3240 Delphicis,
460 3154 501 3218 de
525 3153 705 3237 thesauris,
730 3154 771 3218 de
793 3155 947 3239 donariis,
970 3156 1011 3220 de
1035 3156 1186 3235 oraculis,

82 3266 125 3330 de
162 3263 314 3329 ludorum
348 3262 541 3348 Pythiorum
574 3262 774 3345 victoribus,
809 3263 849 3328 de
886 3264 1186 3354 Amphictyonibus

82 3373 225 3459 aliisque
260 3373 370 3437 multis
403 3373 551 3460 inprimis
585 3375 740 3460 memoria
776 3374 885 3460 dignis
917 3374 1018 3440 libros
1050 3397 1186 3463 compo-

82 3492 243 3565 suerunt,
272 3483 464 3571 'periegetae
498 3483 623 3550 scilicet
653 3483 724 3570 illi,
745 3485 785 3549 de
815 3507 951 3570 quorum
975 3485 1110 3550 historia
1137 3495 1187 3550 at-

82 3614 151 3680 que
178 3601 248 3656 arte
280 3592 414 3676 eiusque
446 3593 523 3656 artis
556 3615 629 3658 cum
653 3595 768 3658 ceteris
800 3594 917 3660 litteris
946 3595 1088 3660 maxime
1110 3619 1184 3661 curn

81 3712 160 3765 arte
192 3700 406 3784 grammatica
440 3700 667 3766 coniunctione
701 3703 837 3788 egregie
870 3726 975 3790 nuper
1010 3704 1186 3790 disputavit

81 3807 276 3874 Ludovicus
303 3808 471 3874 Prcllerus
493 3810 527 3872 in
549 3809 730 3897 appendice
752 3811 829 3875 libri
854 3812 894 3877 de
915 3812 1104 3877 Polemonis
1128 3835 1184 3901 pe-

81 3919 234 4005 riegetae
256 3919 460 4002 fragmentis.
496 3919 645 3985 Pertinet
666 3920 705 3984 ad
728 3920 804 3986 illos
826 3921 983 4005 Rerum
1006 3921 1085 3986 Del
1093 3922 1185 4010 phi-

82 4050 179 4095 caru
191 4052 221 4092 m
247 4027 390 4116 Script-
403 4051 495 4094 ores
508 4030 707 4100 Aristoteles
733 4051 872 4117 quoque,
894 4032 947 4096 cui
966 4033 1051 4102 liber
1072 4031 1183 4097 tribui·

82 4152 150 4226 tur,
174 4141 228 4228 qui
250 4141 427 4229 inscriptus
450 4141 513 4204 fuit
534 4145 743 4206 πυθιονικιῖν
764 4132 943 4228 ἀναγραφή,
958 4150 1088 4229 praeter
1108 4163 1183 4206 eum

82 4252 320 4318 Menaechmus
341 4251 528 4336 Sicyonius,
545 4253 694 4317 Mnaseas
715 4251 914 4333 Patarensis,
930 4251 1182 4318 Anaxandridas

83 4361 255 4451 Delphus,
275 4360 414 4426 Polemo
438 4361 590 4444 Iliensis,
621 4359 839 4446 Hagesander
859 4361 1033 4448 Delphus,
1060 4361 1181 4426 Pausa-
