3108 5194
846 469 887 538 14

311 662 493 739 Κελαινοῦς
524 674 567 726 τε
590 651 701 726 αὐτὸν
728 661 789 746 τῆς
812 651 935 743 Ὑάμου
968 661 1024 726 καὶ
1054 649 1276 740 Ἀπόλλωνος
1307 654 1419 730 εἶναι’

315 770 514 837 Conseruntur
538 770 637 834 etiem
658 765 861 834 Holstenius
875 767 916 834 ad
939 768 1097 858 Stephani
1121 770 1204 856 Byr.
1224 770 1344 837 locum.

411 893 527 964 Simile
559 901 799 980 argumentum,
831 891 1075 980 antiquissimae
1104 893 1230 960 scilieet
1259 895 1300 962 de
1325 895 1415 962 Del-

206 1089 209 1096 ,
311 1020 385 1109 phis
417 1019 565 1104 fabulae,
597 1029 646 1084 est
681 1015 714 1082 in
750 1017 796 1082 eis
831 1039 913 1106 quae
948 1039 989 1084 ex
1024 1018 1265 1084 Anaxandrida
1296 1007 1410 1085 arifert

309 1126 427 1196 Schol.
445 1127 524 1196 Eur.
546 1127 671 1194 Alcest.
690 1130 725 1190 1:
789 1128 793 1136 '

345 1328 347 1339 Ι
412 1235 714 1340 Ἀναξανδρίδης(
697 1278 715 1318 ο
740 1220 871 1342 Δελφός
906 1275 986 1342 φησι
1015 1255 1176 1340 θητευσαι
1206 1243 1305 1322 αὐτὸν
1338 1251 1414 1338 (τὸν

310 1359 526 1444 Απόλλωνα)
548 1358 632 1430 διότι
656 1358 714 1428 τὸν
736 1367 855 1440 Πυθοῖ
875 1357 1034 1448 δράκοντα
1056 1355 1191 1430 οῖνεῖλεν.

311 1475 365 1548 Of.
388 1493 470 1562 quae
493 1480 645 1538 secuntur
668 1469 755 1560 apud
779 1473 873 1538 Paus.
887 1471 1010 1557 Χ,6,
995 1489 1024 1536 ο.
1048 1472 1241 1559 Demque
1216 1495 1284 1539 sine
1307 1447 1410 1540 duhio

309 1607 351 1650 ex
372 1583 457 1649 libro
479 1581 557 1668 περὶ
578 1584 638 1648 τοῦ
658 1580 692 1646 ἐν
712 1581 857 1670 Δελφοῖς
883 1580 1076 1667 χρηστηρίου
1100 1583 1295 1650 Plutarchus
1319 1607 1414 1648 sum-

309 1693 373 1780 psit
399 1713 447 1778 ea,
470 1712 551 1780 quae
573 1690 674 1756 babet
697 1689 843 1772 Quaestt.
868 1688 928 1756 Gr.
943 1691 1013 1757 IX·

413 1812 508 1895 Τίς(
492 1842 509 1880 ο
513 1810 618 1900 παρὰ
641 1816 787 1913 Δελφοῖς
803 1810 963 1940 Ὁσιωτὴρ
981 1816 1035 1882 καὶ
1065 1813 1118 1882 διὰ
1148 1839 1180 1881 τι
1206 1811 1370 1882 Βύσιον“
1351 1842 1415 1888 ενα

247 1919 254 1930 ’
309 1929 499 2058 τῶνμηναῖν
521 1925 692 1994 καλοῦσιν·
682 1973 810 2003 .....
829 1974 842 1998 ,.
944 1913 1056 1990 ’Ἔστιν
1080 1949 1138 1992 σιν
1152 1919 1317 2014 Πυσιος
1301 1951 1319 1992 0
1340 1922 1412 1992 Bri-

309 2057 390 2116 σιοςῑ
414 2035 447 2102 ἐν
467 2020 496 2124 ᾦ
518 2036 722 2116 πυστιῶνται
743 2033 797 2098 καὶ
810 2026 1043 2112 πυνθάνονται
1062 2035 1121 2098 τοῦ
1144 2037 1239 2102 θεοῦ.
1277 2029 1322 2100 Tri
1340 2030 1406 2122 γὰρ

308 2145 430 2224 ἐννοεῖν
453 2143 508 2212 καὶ
536 2137 686 2226 πάτριον.
728 2133 779 2208 Ἐν
803 2144 851 2228 uqi
880 2140 957 2228 μηνὶ
988 2137 1047 2227 γὰρ
1077 2135 1184 2230 ταύτην
1211 2137 1409 2237 χρηστήριον

307 2254 457 2340 ἐγιγνετο,
478 2277 532 2338 και
524 2245 687 2338 ἑβδόμην
707 2273 825 2338 ταυτην
847 2249 1014 2334 νομιζουσι
1035 2254 1094 2316 τοῦ
1115 2255 1200 2318 θεοῦ
1222 2251 1407 2338 γενέθλιον,

307 2387 362 2430 ναι
354 2357 585 2450 πρλνφθυυν
607 2352 839 2446 ὀνομάζουσιν,
874 2354 913 2430 ori
946 2359 999 2439 δια
1021 2358 1059 2430 τὸ
1084 2362 1268 2438 πέττεσθαι
1290 2359 1410 2450 φθὸῖς,

306 2465 387 2541 ἀλλὰ
394 2472 609 2558 πολυπευθῆ
636 2495 690 2535 και
682 2457 1039 2553 πολυμάντευτον
1000 2495 1109 2538 υτσαν.
1138 2463 1217 2558 'Opi
1239 2468 1299 2559 γὰρ
1318 2464 1410 2542 ἄνεί-

308 2587 418 2668 θησαν
440 2575 476 2644 αῖ
496 2575 576 2646 κατὰ
597 2581 682 2668 μῆνα
697 2583 848 2665 μαντεῖαι
874 2583 946 2660 τοῖς
968 2579 1150 2666 δεομένοις
1175 2576 1340 2668 πρότερον
1367 2581 1408 2648 δὲ

307 2685 400 2772 ἅπαξ
410 2689 630 2774 ,ἐθεμίστευεν
657 2684 815 2774 ἡΠεθία
836 2691 896 2753 τοῦ
926 2686 1073 2757 ἐνιαυτοῦ
1101 2683 1183 2763 κατὰ
1207 2686 1325 2778 ταύτην
1346 2687 1408 2778 την

304 2793 436 2887 ἡμέραν,
461 2793 506 2881 οῖς
527 2796 756 2884 Καλλισθένης
777 2797 832 2865 καὶ
853 2789 1110 2884 Ἀναξανδρίδης
1131 2793 1321 2886 ἱστορήκασι
1336 2799 1371 2870 ¹5³·
1462 2794 1467 2802 ’

393 2925 506 3012 λ(λανδ
528 2924 724 2992 Plutarahus
746 2922 1002 2992 Anaxandridae
1035 2924 1136 2990 libros
1161 2923 1306 3011 legerat,
1336 2946 1406 2998 non

307 3035 427 3102 mirum
450 3045 511 3118 eat,
533 3056 607 3100 aum
630 3032 701 3118 ipse
718 3030 863 3118 Delphis
892 3053 989 3120 saepe
1013 3041 1046 3098 et
1072 3032 1127 3098 diu
1149 3019 1296 3101 versatus
1317 3044 1409 3104 esset

304 3167 409 3231 eaque
444 3143 562 3226 omnia,
595 3156 681 3226 quae
704 3141 752 3205 ihi
776 3141 932 3212 memoria
965 3140 1065 3227 digna
1099 3143 1249 3222 fuerunt,
1283 3142 1406 3230 optime

304 3255 461 3320 novisset.
504 3252 622 3338 Itaque
645 3251 721 3338 fieri
741 3251 798 3318 uix
820 3250 937 3337 potuit,
958 3252 1036 3335 quin
1056 3250 1212 3358 Delphini
1233 3252 1406 3342 scriptoris

304 3363 346 3428 da
371 3361 510 3448 Delphis
534 3358 697 3424 librum
689 3382 724 3424 rn
754 3359 902 3426 manibus
933 3359 1094 3426 habuerit.
1137 3359 1225 3428 citat
1247 3361 1404 3429 Anaxan·
1474 3373 1480 3384 '

305 3471 435 3538 dridam
464 3469 561 3536 etiam
592 3468 627 3536 in
659 3467 725 3534 vita
744 3467 908 3553 Lysandri
942 3492 970 3536 e.
987 3468 1036 3550 18
1067 3467 1109 3534 de
1138 3491 1202 3554 quo
1230 3470 1302 3536 loeo
1328 3491 1406 3556 age·

305 3589 399 3648 mr'rs
396 3579 494 3646 infra.

410 3703 571 3778 Venimus
602 3703 643 3768 ad
669 3661 812 3768 alterum
843 3703 1099 3770 Anaxandridae
1119 3704 1242 3792 Delphi
1273 3702 1405 3788 librum,

312 3813 367 3900 qui
397 3812 677 3900 inscriptuserat
705 3811 809 3896 Περὶ
837 3815 917 3876 τῶν
945 3811 1217 3899 συληθέντων
1245 3813 1289 3880 ἐν
1310 3813 1409 3882 Asa-

300 3992 499 4003 ——u--n—-n

351 4065 352 4072 i
406 4108 437 4159 12
457 4051 500 4160 De
517 4122 549 4158 re
567 4104 601 4158 ef.
620 4103 749 4158 Muelleri
766 4104 940 4174 Seriplorum
967 4104 1003 4158 de
1033 4101 1116 4158 rebus
1139 4103 1292 4158 Alexandri
1308 4105 1404 4176 Magni

302 4201 338 4256 fr.
362 4198 497 4271 (Callisth.
518 4199 552 4253 fr
571 4203 609 4262 4).
649 4199 680 4255 Ο.
697 4200 822 4256 Mueller.
841 4199 909 4254 Dor.
929 4187 950 4266 1',
969 4202 1030 4266 212,
1051 4203 1082 4265 2,
1108 4202 1169 4264 329,
1187 4202 1210 4254 3.
1231 4197 1313 4254 er
1332 4200 1405 4300 Her-

302 4315 394 4354 mann
414 4297 449 4350 de
468 4314 541 4351 anno
555 4280 734 4408 Delphicop.
751 4297 795 4388 26.
865 4288 868 4298 ’
